<?xml version="1.0" encoding="UTF-8"?><collection xmlns="http://www.loc.gov/MARC21/slim"><record><leader>00519nam--2200145-i-4500</leader><controlfield tag="001">000042157</controlfield><controlfield tag="002">20161230</controlfield><controlfield tag="005">20161230201043</controlfield><controlfield tag="008">060222s1000------------r-----000-0-eng-d</controlfield><datafield ind1=" " ind2=" " tag="080"><subfield code="a">621.039:621.382</subfield></datafield><datafield ind1=" " ind2=" " tag="245"><subfield code="a">Solid-state communications. design of comunications equipment using semiconductors. prepared by the engineering staff of texas instruments incorporated</subfield></datafield><datafield ind1=" " ind2=" " tag="260"><subfield code="a">New York, Mcgraw-hill Book Co.,1966. Xiv + 365 P</subfield></datafield><datafield ind1=" " ind2=" " tag="490"><subfield code="a">Texas Instruments Electronics Series</subfield></datafield><datafield ind1=" " ind2=" " tag="700"><subfield code="a">John R.Miller</subfield></datafield><datafield ind1=" " ind2=" " tag="852"><subfield code="a">24440</subfield></datafield></record></collection>